	%publisher  = "Самиздат",
@book{Pershin2018CompMath,
	author  = "{Першин А.Ю.}",
	pages  = "140",
	address = "{Москва}",
	title = "Лекции по курсу <<Вычислительная математика>>",
	year  = "2018-2021",
	language = "russian",
	url = "https://archrk6.bmstu.ru/index.php/f/810046"
},

@misc {FloatingPointData2021,
author = "{Chris Maiwald (BSD License)}",
title  = "{16 bit floating-point data type for C++ [Электронный ресурс] [Офиц. сайт]}",
year = {2021},
url = {https://github.com/acgessler/half\_float},
note = {(дата обращения 21.04.2021)},
language = "russian",
},

@misc{DatadvanceOffWebsite2021,
  title        = {ДАТАДВАНС | Программное обеспечение для анализа данных и оптимизации [Электронный ресурс] [Офиц. сайт]},
  year         = {2021},
  url 		   = {https://www.datadvance.net/ru/},
  note 		   = {(дата обращения 06.11.2021)},
  language     = "russian",
}

@misc{pSevenDocsWorkflow2021,
  title        = {Расчётные схемы - Руководство пользователя pSeven 6.27 [Электронный ресурс] [Офиц. сайт]},
  year         = {2021},
  url          = {https://www.datadvance.net/product/pseven/manual/ru/6.27/workflow.html#workflow-links},
  note         = {{Дата обращения: 15.11.2021}},
  language     = {russian},
}

@misc{pSevenDocsParallel2021,
  title        = {Параллельные вычисления - Руководство пользователя pSeven 6.27 [Электронный ресурс] [Офиц. сайт]},
  year         = {2021},
  url          = {https://www.datadvance.net/product/pseven/manual/ru/6.27/tutorials/parallel.html#ptutorialparallelization},
  note 		     = {(дата обращения 15.11.2021)},
  language     = {russian},
}

