	 		 			 	@article{DimitSokol2008,		author  = "Димитриенко Ю.И., Соколов А.П.",		journal  = "Вестник МГТУ им. Н.Э. Баумана. Серия <<Естественные науки>>",		volume = "{29}",		number  = "{2}",		pages  = "{56--66}",		title  = "Разработка автоматизированной технологии вычисления эффективных упругих характеристик композитов методом асимптотического осреднения",		year  = "2008",		language="russian",		note = "{\myconditionaltext{\doctype}{avtoreferat}{(0.6~п.л./0.3~п.л.)}\pdfcomment{05.13.18. Соискателю принадлежит архитектура программной технологии, а также ее реализация.}}",	 	},		%		url  = "{http://elibrary.ru/item.asp?id=12879166}",	 	@article{DimSok2008,		address  = "Москва",		author  = "{Димитриенко~Ю.И., Соколов~А.П.}",		journal  = "Информационные технологии",		volume  = "{1}",		number  = "{8}",		pages  = "{31--38}",		title  = "Система автоматизированного прогнозирования свойств композиционных материалов",		year  = "2008",		language="russian",		note = "{\myconditionaltext{\doctype}{avtoreferat}{(0.7~п.л./0.35~п.л.)}\pdfcomment{(+1) 05.13.12, 05.13.18 и др. Соискателю принадлежат: идея системы автоматизированного прогнозирования свойств композиционных материалов (GCAD v.2), архитектура системы и ее программная реализация; вычислительные эксперименты.}}",	 	},	 	@article{DimMorSok2010,		author  = "{Димитриенко~Ю.И., Морозов~А.Н., Соколов~А.П., Ничеговский~Е.С.}",		journal  = "Вестник МГТУ~им.~Н.Э.~Баумана. Серия <<Естественные науки>>",		number  = "{3}",		volume = {38},		pages  = "86--97",		title  = "Моделирование эффективных пьезоэлектроупругих свойств композиционных материалов",		year  = "2010",		language="russian",		note = "{\myconditionaltext{\doctype}{avtoreferat}{(0.7~п.л./0.35~п.л.)}\pdfcomment{02.00.04 (физ.химия). Соискателю принадлежит: идея применения единой системы анализа свойств КМ для расчета эффективных пьезоэлектроупругих свойств, предложена архитектура программной реализации и предоставлен прототип программного обеспечения для доработки.}}",	 	},	 	@article{DimitDubrSok2011,		author  = "{Димитриенко~Ю.И., Дубровина~А.Ю., Соколов~А.П.}",		journal  = "Вестник МГТУ~им.~Н.Э.~Баумана. Серия <<Естественные науки>>.",		pages  = "34--49",		title  = "Моделирование усталостных характеристик композиционных материалов на основе метода асимптотического осреднения и химического критерия длительной прочности",		number = "SPEC",		year  = "2011",		language="russian",		note = "{\myconditionaltext{\doctype}{avtoreferat}{(1.0~п.л./0.4~п.л.)}\pdfcomment{02.00.04 помимо прочих. Соискателем предложено применять технологию автоматического конфигурирования для построения решателя моделирования усталостных характеристик КМ с применением химического критерия длительной прочности. Соискателю принадлежит программная реализация алгоритма численного моделирования процесса разрушения конечно-элементной модели. Дубровиной~А.Ю. принадлежит программная реализация химического критерия длительной прочности.}}",	 	},	 		 		%		volume = "{}",		@article{DimitSok2012Spec,		author  = "{Димитриенко~Ю.И., Соколов~А.П.}",		journal  = "Вестник МГТУ~им.~Н.Э.~Баумана. Серия <<Естественные науки>>. Спец. выпуск",		number  = "6",		pages  = "101--113",		series  = "Моделирование и исследование физических и технических систем",		title  = "Исследование процессов разрушения композиционных материалов на базе метода асимптотической гомогенизации",		year  = "2012",		language="russian",		note = "{\myconditionaltext{\doctype}{avtoreferat}{(1.0~п.л./0.4~п.л.)}\pdfcomment{02.00.04 помимо прочих. Соискателем предложено применять технологию автоматического конфигурирования для построения решателя численного моделирования разрушения КМ с применением метода асимптотического осреднения.}}",	 	},	 		 				@article{DimSokSbor2012TXTLDestr,		author  = "{Димитриенко~Ю.И., Соколов~А.П., Сборщиков~С.С.}",		journal  = "Вестник МГТУ~им.~Н.Э.~Баумана. Серия <<Естественные науки>>.",		number  = "Спец. выпуск 3 «Математическое моделирование»",		pages  = "5--19",		title  = "Моделирование микро-разрушения тканевых композитов",		volume  = "{1}",		year  = "2012",		language="russian",		note = "{\myconditionaltext{\doctype}{avtoreferat}{(1.0~п.л./0.4~п.л.)}\pdfcomment{02.00.04 помимо прочих. Соискателем применена технология автоматического конфигурирования решателей для построения решателя численного моделирования микро-разрушения тканевых композитов.}}",	 	},	 	@article{DimSokYur12,		author  = "{Димитриенко~Ю.И., Соколов~А.П., Юрин~Ю.В.}",		journal  = "Вестник МГТУ~им.~Н.Э.Баумана. Сер. Естественные науки",		pages  = "40--54",		title  = "Численное моделирование упругопластического деформирования пространственно-армированных композитов",		number  = "Спец.выпуск № 4 Математическое моделирование",		year  = "2012",		language="russian",		note = "{\myconditionaltext{\doctype}{avtoreferat}{(0.8~п.л./0.2~п.л.)}\pdfcomment{02.00.04 помимо прочих. Соискателем применена технология автоматического конфигурирования решателей, что стало основой для будущей азработки графоориентированного подхода. Соискателю принадлежит алгоритм и программная реализация вычислительного метода численного моделирования упругопластического деформирования КМ.}}",	 	},	 	@article{DimSborshSok2013MechComp,		author  = "{Димитриенко~Ю.И., Сборщиков~С.В., Соколов~А.П.}",		journal  = "Механика композиционных материалов и конструкций",		number  = "3",		pages  = "{365--383}",		title  = "Численное моделирование микроразрушения и прочностных характеристик пространственно-армированных композитов",		volume  = "{19}",		year  = "{2013}",		language="russian",		note = "{\myconditionaltext{\doctype}{avtoreferat}{(1.4~п.л./0.45~п.л.)}\pdfcomment{01.02.04. 05.07.02, 05.16.08, 05.16.08. Соискателю принадлежит алгоритм проведения вычислительного эксперимента и его программная реализация.}}",	 	},	 	@article{DimSborshSokGaf2013Sphere,		author  = "{Димитриенко~Ю.И., Сборщиков~С.В., Соколов~А.П., Гафаров~Б.Р., Садовничий~Д.Н.}",		journal  = "Композиты и наноструктуры",		number  = "3",		volume = {19},		pages  = "35--51",		title  = "Численное и экспериментальное моделирование прочностных характеристик сферопластиков",		year  = "2013",		language="russian",		note = "{\myconditionaltext{\doctype}{avtoreferat}{(1.06~п.л./0.2~п.л.)}\pdfcomment{(+1) МРБ (международные реферативные базы). Соискателю принадлежат: определение объекта исследований и его согласование со специалистами инженерами-технологами внешней проектной организации; разработка программных модулей автоматической генерации геометрических моделей ячеек периодичности и их интеграция в ранее разработанную программную систему РВС GCD (GCAD v.3).}}",	 	},	 		 			 	@article{DimSbSokShp13CmMech,		author  = "{Dimitrienko,~Y.I. and Sborschikov,~S.V. and Sokolov,~A.P. and Shpakova,~Y.V.}",		doi  = "10.7242/1999-6691/2013.6.4.43",		journal  = "Computational continuum mechanics",		number  = "4",		title  = "Computational modeling of failure of textile composites",		volume  = "6",		year  = "2013",		language = "english",		note = "{\myconditionaltext{\doctype}{avtoreferat}{(1.5~п.л./0.3~п.л.)}\pdfcomment{01.02.04, 05.13.18, Соискателю принадлежат алгоритмы генерации ячеек периодичности тканевых композиционных материалов и вычислительный эксперимент.}}",	 	},				@inproceedings{SokSchMakShv2014RFEM,		abstract  = "В работе представлен оригинальный подход к созданию программной реализации вычислительных методов в целом и на примере реализации метода конечных элементов (МКЭ) в частности. Подход основан на применении понятий теории графов, на основе которых строится сетевая модель будущей программной реализации численного метода. Элементы сетевой модели были формализованы: узлам были поставлены в соответствие состояния данных, ребрам графа - функции перехода из одного состояния в другое. Каждая функция перехода была определена как пара: функция-обработчик и функция-предикат.",		address  = "г. Реутов, Московская область",		author  = "{Соколов А.П., Щетинин В.Н., Макаренков В.М., Шевцов А.С.}",		booktitle  = "Материалы третьей международной научно-технической конференции Аэрокосмические технологии, посвященной 100-летию со дня рождения академика В.Н. Челомея",		institution  = "МГТУ им. Н.Э. Баумана",		month  = "20-21 мая 2014 г.",		organization  = "ОАО ВПК НПО машиностроения",		title  = "Разработка реконфигурируемой программной реализации метода конечных элементов",		URL  = "http://gcad.bmstu.ru/gcdrep/rsc/art/gcdfes_ear_ReconfigurableFEM/01 - Доклад - АКТ2014 - Соколов.pdf",		year  = "2014",		language = "russian",		},	 	@article{SokSchetSapNSKF2015,		author  = "{Соколов~А.П., Щетинин~В.Н., Сапелкин~А.С.}",		journal  = "ПРОГРАММНЫЕ СИСТЕМЫ: ТЕОРИЯ И ПРИЛОЖЕНИЯ",		number  = "2",		organization  = "МГТУ~им.~Н.Э.~Баумана",		pages  = "{3--25}",		title  = "Параллельный алгоритм построения поверхности прочности КМ для архитектуры Intel MIC (Intel Many Integrated Core Architecture)",		volume  = "{7}",		year  = "2016",		language="russian",		note = "{\myconditionaltext{\doctype}{avtoreferat}{(1.6~п.л./0.69~п.л.)}\pdfcomment{05.13.01, 05.13.11, 05.13.17 Соискателю принадлежат вычислительный метод и алгоритм построения поверхности прочности.}}",	 	},		%URL  = "http://psta.psiras.ru/read/psta2016_2_3-25.pdf",		@article {SokPersh2017,		author = "{Соколов~А.П., Першин~А.Ю.}",		title = {Программный инструментарий для создания подсистем ввода данных при разработке систем инженерного анализа},		journal = {Программная инженерия},		volume = {8},		number = {12},		pages = {543--555},		year = {2017},		language="russian",		note = "{\myconditionaltext{\doctype}{avtoreferat}{(1.5~п.л./1.2~п.л.)}\pdfcomment{05.13.10 (Управление в социальных и экономических системах (технические науки)), 05.13.11, 05.13.17, 05.13.18, 05.13.19 и др. Соискателем предложена концепция и архитектура программного инструментария; совместно с Першиным А.Ю принадлежит программная реализация.}}",		},		@article {SokPershSchetSap2017,		author = "{Соколов~А.П., Першин~А.Ю., Щетинин~В.Н., Сапелкин~А.С.}",		title = {Реверсивная многомасштабная гомогенизация физико-механических характеристик гетерогенных периодических сред с использованием графоориентированного программного подхода},		journal = {Композиты и наноструктуры},		volume = {9},		number = {3-4},		pages = {25--38},		year = {2017},		language="russian",		note = "{\myconditionaltext{\doctype}{avtoreferat}{(1.5~п.л./1.3~п.л.)}\pdfcomment{(+1) МРБ (международные реферативные базы). Соискателем предложен, разработан и обоснован вычислительный метод реверсивной многомасштабной гомогенизации.}}",		},				@article {SokSchet2018,		author = "{Соколов А.П., Щетинин В.Н.}",		title = {Идентификация упругих свойств адгезионного слоя дисперсно-армированных композитных материалов на основе экспериментальных данных},		journal = {Механика композиционных материалов и конструкций},		volume = {24},		number = {4},		pages = {555--581},		year = {2018},		language="russian",		note = "{\myconditionaltext{\doctype}{avtoreferat}{(1.6~п.л./0.6~п.л.)}\pdfcomment{01.02.04. Соискателем предложена идея вычислительного метода оценки физико-механических характеристик дисперсно-армированным КМ, основанная на включении с состав модели дополнительных компонент с идентифицируемыми свойствами.}}",		},		@article {SokPershKozovKirillov2018MMHS,		author = "{Соколов~А.П., Першин~А.Ю., Козов~А.В., Кириллов~Н.Д.}",		title = {Гомогенизация многоуровневых многокомпонентных гетерогенных структур для определения физико-механических характеристик композиционных материалов},		journal = {Физическая мезомеханика},		volume = {21},		number = {5},		pages = {90--107},		year = {2018},		language="russian",		note = "{\myconditionaltext{\doctype}{avtoreferat}{(1.6~п.л./1.0~п.л.)}\pdfcomment{(+1) МРБ (международные реферативные базы). Соискателю принадлежат теоретические основы модели многомасштабной многокомпонентной гетерогенной структуры; идея метода реверсивной многомасштабной гомогенизации; метод реверсивной многомасштабной гомогенизации применительно к оценке эффективных упруго-прочностных характеристик керамоматричных модифицированных углеродными нанотрубками КМ. Соискателем предложена уточненная модель наномодифицированного КМ за счет включения в его состав дополнительных компонент с неизвестными свойствами.}}",		},@inproceedings{SokSchetSapVMSPPS2017,author = {Соколов~А.П., Щетинин~В.Н., Сапелкин~А.С.},booktitle = "Материалы XX Юбилейной международной конференции по вычислительной механике и современным прикладным программным системам (ВМСППС’2017)",address = "{Алушта, Крым, Россия}",publisher  = "Издательство МАИ",title = {Применение технологии GBSE для разработки программного обеспечения автоматизации процесса распределения электрических и тепловых нагрузок на ТЭЦ},pages = {108--110},year = {2017},language = "russian",note  = "{\myconditionaltext{\doctype}{avtoreferat}{(0.1 п.л. / 0.1 п.л.)}\pdfcomment{Соискателю принадлежат идея вычислительного метода расчета, а также совместно с соавторами программная реализация.}}",},%author = {Соколов А.П., Игнатов А.В., Щетинин В.Н. и др. Сапелкин А.С.},@inproceedings{SokIgnSchetSapNPNJ2016,author = {Соколов~А.П., Игнатов~А.В., Щетинин~В.Н. и др.},booktitle = "{Материалы IX Международной конференции по неравновесным процессам в соплах и струях (NPNJ’2016)}",address = "{Алушта, Крым, Россия}",publisher  = "Издательство МАИ",title = {Ресурсоемкое численное моделирование упруго-прочностных свойств модифицированных неразъемных клеевых соединений},pages = {464--466},year = {2016},language = "russian",note  = "{\myconditionaltext{\doctype}{avtoreferat}{(0.1 п.л. / 0.1 п.л.)}\pdfcomment{Соискателю принадлежат идея вычислительного метода, а также алгоритм построения представительного элемента объёма неразъемных армированных сферическими включениями клеевых соединений.}}",},%		URL  = "http://elibrary.ru/item.asp?id=26685902",		@inproceedings{SokMihSchetSapPresn2016,		address  = "Алушта, Крым, Россия",		author  = "{Соколов~А.П., Михайловский~К.В., Щетинин~В.Н., Сапелкин~А.С., Пресняков~В.В.}",		booktitle  = "Материалы IX Международной конференции по неравновесным процессам в соплах и струях (NPNJ’2016)",		organization = "Московский Авиационный Институт",		pages  = "{387--389}",		title  = "Численное определение эффективных упруго-прочностных характеристик композитных заделок газоразделительных мембранных модулей",		year  = "25-31 мая 2016",		language="russian",		note  = "{\myconditionaltext{\doctype}{avtoreferat}{(0.1 п.л. / 0.1 п.л.)}\pdfcomment{Соискателю принадлежат численный метод расчета, а также результаты проведенных НИР в области расчета эффективных упруго-прочностных характеристик (УПХ) композитных заделок газоразделительных мембранных модулей. Полученные результаты позволили сделать вывод о том, что учет неидельных условий контакта между полыми мембранными волокнами и эпоксидным связующим необходим для повышения точности оценки эффективных УПХ композитной заделки в целом.}}",		},		@article {SokPersh2018GBSE,		author = "{Соколов А.П., Першин А.Ю.}",		title = {Графоориентированный программный каркас для реализации сложных вычислительных методов},		journal = {Программирование},		volume = {47},		number = {5},		pages = {43--55},		year = {2019},		language="russian",		note = "{\myconditionaltext{\doctype}{avtoreferat}{(1.6~п.л./0.8~п.л.)}\pdfcomment{(+1) МРБ (международные реферативные базы). Соискателю принадлежат научные основы графо-ориентированного подхода и способ создания вычислительных библиотек систем инженерного анализа на основе графо-ориентированного подхода.}}",		},				@article {SokPersh2018CASE,		author = "{Соколов~А.П., \framebox{Макаренков В.М.}, Першин~А.Ю., Лаишевский~И.С.}",  		title = {Разработка программного обеспечения генерации кода на основе шаблонов при создании систем инженерного анализа},		journal = {Программная инженерия},		volume = {10},		number = {9-10},		pages = {400--416},		year = {2019},		language="russian",		note = "{\myconditionaltext{\doctype}{avtoreferat}{(1.6~п.л./0.8~п.л.)}\pdfcomment{05.13.10 (Управление в социальных и экономических системах (технические науки)), 05.13.11, 05.13.17, 05.13.18, 05.13.19 и др. Соискателем предложены идея системы генерации, принципы построения шаблонов. Соискателем совместно с Макаренковым В.М. создана программная реализация.}}",		},				@misc {SokSA2,		author  = "{Соколов Ал.П., Соколов Ан.П.}",		title  = {Стандарт разработки программной платформы SA2 [Электронный ресурс]. Облачный сервис SA2 Systems. [Офиц. сайт]},		year = {2020},		url = {https://sa2systems.ru/nextcloud/index.php/f/403367},		note = {(дата обращения 05.03.2020)\pdfcomment{Соискателем совместно с Соколовым Ан.П. разработан стандарт разработки.}},		},				@misc {SokAINI,		author  = "{Соколов А.П.}",		title  = {Описание формата данных aINI (advanced INI) [Электронный ресурс]. Облачный сервис SA2 Systems. [Офиц. сайт]},		year = {2020},		url = {https://sa2systems.ru/nextcloud/index.php/f/403527},		note = {(дата обращения 05.03.2020)\pdfcomment{Соискателю принадлежит идея языка определения входных данных aINI, разработан синтаксис языка. Позже создан парсер языка.}},		},				@misc {SokADOT,		author  = {{Соколов А.П.}},		title  = {Описание формата данных aDOT (advanced DOT) [Электронный ресурс]. Облачный сервис SA2 Systems. [Офиц. сайт]},		year = {2020},		url = {https://sa2systems.ru/nextcloud/index.php/f/403526},		note = {(дата обращения 05.03.2020)\pdfcomment{Соискателю принадлежит идея языка определения графовых моделей aDOT, построенного на основе известного языка DOT. Разработан синтаксис языка. Позже совместно с Першиным А.П. создан парсер языка.}},		},		@article {SokPersh2020DCSGCD,		author = "{Соколов~А.П., Першин~А.Ю.}",		title = {Система автоматизированного проектирования композиционных материалов. Часть~1: концепции, архитектура и платформа разработки},		journal = {Известия СПбГЭТУ <<ЛЭТИ>>},		number = {8--9},		pages = {72-83},		year = {2020},		language="russian",		note = {\myconditionaltext{\doctype}{avtoreferat}{(0.8~п.л./0.6~п.л.)}\pdfcomment{(+1) 05.13.12. Соискателю принадлежит идея САПР КМ, концепция её архитектуры, а также принципы её разработки. Совместно с Першиным А.Ю. были разработаны отдельные элементы системы.}},		},				@article {SokPersh2020DCSGCDCompLib,		author = "{Соколов~А.П., Першин~А.Ю.}",		title = {Система автоматизированного проектирования композиционных материалов. Часть~2: вычислительная подсистема, распределенные вычисления с применением графоориентированного подхода},		journal = {Известия СПбГЭТУ <<ЛЭТИ>>},		number = {10},		pages = {49--63},		year = {2020},		language="russian",		note = {\myconditionaltext{\doctype}{avtoreferat}{(1.0~п.л./0.6~п.л.)}\pdfcomment{(+1) 05.13.12. Соискателю принадлежит идея вычислительной подсистемы САПР КМ, а также принцип её разработки с использованием графоориентированного подхода. Совместно с Першиным А.Ю. были разработаны отдельные элементы подсистемы.}},		},		@article {SokGolub2021GBSEBL,		author = "{Соколов~А.П., Голубев~В.О.}",		title = {Система автоматизированного проектирования композиционных материалов. Часть~3: графоориентированная методология разработки средств взаимодействия пользователь-система},		journal = {Известия СПбГЭТУ <<ЛЭТИ>>},		number = {2},		pages = {43--57},		year = {2021},		language={russian},		note = "{\myconditionaltext{\doctype}{avtoreferat}{(1.2~п.л./0.6~п.л.)}\pdfcomment{(+1) 05.13.12. Соискателю принадлежат: а)~графоориентированный метод организации вычислительных процессов в распределённой САПР, обеспечивающий участие лиц принимающих решение на разных этапах обработчки данных; б)~идея применения графоориентированного подхода для описания бизнес-логики работы пользователей в системе.}}",		},		@article {SokSchet2020MathMod,		author = "{Соколов~А.П., Щетинин~В.Н., Козлов~М.Ю.}",		title = {Моделирование упругих свойств композиционных материалов методом асимптотического осреднения с учетом неидеального интерфейса компонент},		journal = {Математическое моделирование},		volume = {32},		number = {8},		pages = {119--138},		year = {2020},		language="russian",		note = {\myconditionaltext{\doctype}{avtoreferat}{(1.2~п.л./0.2~п.л.)}\pdfcomment{(+1) 05.13.18. МРБ. Скопус. Соискателем предложена идея вычислительного метода оценки физико-механических характеристик КМ, основанная на включении с состав модели дополнительных компонент с идентифицируемыми свойствами. Соискателю принадлежит идея построения специальной модели межкомпонентного взаимодействия в КМ с целью повышения точности численной оценки эффективных упругих свойств КМ с применением метода асимптотического осреднения. Предложен алгоритм проведения вычислительного эксперимента. Щетининым В.Н. предложены конкретные математическая модель и вычислительный метод для расчета эффективных упругих характеристик композиционного материала с учетом условий мягкого неидеального контакта, проведено сравнение экспериментальных данных и результатов расчета эффективных упругих характеристик с учетом условий идеального контакта, мягкого неидеального контакта и объемного межфазного слоя.}},		},		@article {SokSchet2021MathModEng,		author = "{Sokolov, A.P. and Schetinin, V.N. and Kozlov, M.Yu.}",		title = {Modeling Elastic Properties of Composites using Asymptotic Averaging Method with Imperfect Interface},		journal = {Mathematical Models and Computer Simulations},		volume = {13},		number = {2},		pages = {347–359},		year = {2021},		language="russian",		note = {\myconditionaltext{\doctype}{avtoreferat}{(1.2~п.л./0.2~п.л.)}\pdfcomment{(+1) 05.13.18. МРБ. Скопус. Соискателем предложена идея вычислительного метода оценки физико-механических характеристик КМ, основанная на включении с состав модели дополнительных компонент с идентифицируемыми свойствами. Соискателю принадлежит идея построения специальной модели межкомпонентного взаимодействия в КМ с целью повышения точности численной оценки эффективных упругих свойств КМ с применением метода асимптотического осреднения. Предложен алгоритм проведения вычислительного эксперимента. Щетининым В.Н. предложены конкретные математическая модель и вычислительный метод для расчета эффективных упругих характеристик композиционного материала с учетом условий мягкого неидеального контакта, проведено сравнение экспериментальных данных и результатов расчета эффективных упругих характеристик с учетом условий идеального контакта, мягкого неидеального контакта и объемного межфазного слоя.}},		},%3230		@article {KarlGubKolNikSok2020VestBashkirUniv,		author = "{Карлова~Д.Л., Губайдуллин~И.М., Коледина~К.Ф., Никифорова~И.А., Соколов~А.П.}",		title = {Математическое моделирование многостадийной химической реакции N-метилирования аминов диметилкарбонатом},		journal = {Вестник Башкирского Университета},		volume = {25},		number = {3},		pages = {523--533},		year = {2020},		language="russian",		note = "{\myconditionaltext{\doctype}{avtoreferat}{(1.0~п.л./0.2~п.л.)}\pdfcomment{01.02.04, 02.00.04 (физ.химия), 02.00.15 (кинетика и катализ) Соискателю принадлежит идея применения языка aINI для определения формата входных данных для определения постановки прямой задачи химической кинетики, а также определены требования к САПР ХТС.}}",		},% в Скопусе		@article{DimitSokol2009eng,		author  = "{Dimitrienko,~Yu.I. and Sokolov,~A.P.}",		doi  = "10.1134/S2070048210010126",		journal  = "Mathematical Models and Computer Simulations",		number  = "{1}",		pages  = "{116--130}",		title  = "{On elasticity properties of composite materials}",		volume  = "{2}",		year  = "2010",		language = "english",		note = "{\myconditionaltext{\doctype}{avtoreferat}{(0.9~п.л./0.4~п.л.)}\pdfcomment{(SC+) Scopus. Соискателю принадлежат представленные программная реализация моделирования упругих свойств КМ, а также результаты численных расчетов.}}",	 	},			 	@article{DimSok2011BullRASrus,		author  = "{Димитриенко Ю.И., Соколов А.П.}",		title  = "Численное моделирование композиционных материалов с многоуровневой структурой",		journal  = "Известия РАН. Физическая серия",		volume  = "75",		number  = "11",		pages  = "1551--1556",		year  = "2011",		language = "russian",		},			 	@article{DimSok2011BullRAS,		author  = "{Dimitrienko,~Yu.I. and Sokolov,~A.P.}",		doi  = "10.3103/S1062873811110074",		ISSN  = "{1062-8738}",		journal  = "{Bulletin of the Russian Academy of Sciences. Physics}",		number  = "{11}",		pages  = "{1457--1461}",		publisher  = "Allerton Press",		title  = "{Numerical Modeling of Composites with Multiscale Microstructure}",		volume  = "75",		year  = "2011",		language = "english",		note = "{\myconditionaltext{\doctype}{avtoreferat}{(0.25~п.л./0.1~п.л.)}\pdfcomment{(SC+) Scopus. Соискателю принадлежат представленная программная реализация моделирования процесса микроразрушения КМ, а также представленные результаты численных расчетов.}}",	 	},	 		 		%		6th International Conference on Multiscale Materials Modeling 2012 (MMM 2012)",  	@inproceedings{DimSokShpakMMM2012,		author  = "{Dimitrienko,~Yu.I., Sokolov,~A.P. and Shpakova,~Yu.V.}",		doi  = "10.1557/opl.2013.466",		booktitle  = "Materials Research Society Symposium Proceedings",		title  = "Computer-aided Analysis of Micromechanics and Damage of Composite Materials Based on Multiscale Homogenization Method",		pages  = "105--111",		volume  = "1535",		year  = "2013",		language = "english",		note = "{\myconditionaltext{\doctype}{avtoreferat}{(0.4~п.л./0.2~п.л.)}\pdfcomment{(SC+) Scopus. Соискателем предложена методология автоматизированного анализа микроразрушения КМ, а также представлемая программная реализация.}}",	 	},	 	@article{DimSborshSok2013MechCompEng,		author  = "{Dimitrienko,~Yu.I., Sborshchikov,~S.V., Sokolov,~A.P.}",		journal  = "Composites: Mechanics, Computations, Applications",		doi  = "10.1615/CompMechComputApplIntJ.v4.i4.50",		volume  = "{4}",		number  = "{4}",		pages  = "{345--364}",		title  = "Numerical simulation of microdestruction and strength characteristics of spatially reinforced composites",		year  = "2013",		language = "english",		note = "{\myconditionaltext{\doctype}{avtoreferat}{(1.2~п.л./0.4~п.л.)}\pdfcomment{(SC+) Scopus. Соискателю принадлежит алгоритм проведения вычислительного эксперимента, а также совместно со Сборщиковым С.В. программная реализация.}}",	 	},		%number = {X},		@article{SokSchet2018ICMMT,		author = "{Sokolov,~A.P., Schetinin,~V.N.}",		title = {Modeling of phases adhesion in composite materials based on spring finite element with zero length},		journal = {Key Engineering Materials},		volume = {780},		pages = {3--9},		year = {2018},		doi = {10.4028/www.scientific.net/KEM.780.3},		language = "english",		note = "{\myconditionaltext{\doctype}{avtoreferat}{(0.6~п.л./0.3~п.л.)}\pdfcomment{(SC+) Scopus. Соискателю принадлежит идея построения модели межкомпонентного взаимодействия отдельных компонент исследуемых композиционных материалов с целью построения модификации метода асимптотического осреднения, позволяющего вычислять эффективные упругие характеристики с повышенной точностью.}}",		},				%number = {X},		@article{SokPersh2018ICSMT,		author = "{Sokolov,~A.P., Pershin,~A.Yu.}",		title = {Computer-aided design of composite materials using reversible multiscale homogenization and graph-based software engineering},		journal = {Key Engineering Materials},		volume = {779},		pages = {11--18},		year = {2018},		doi = {10.4028/www.scientific.net/KEM.779.11},		language = "english",		note = "{\myconditionaltext{\doctype}{avtoreferat}{(0.6~п.л./0.4~п.л.)}\pdfcomment{(SC+) Scopus. Соискателю принадлежат: элементы САПР КМ; пример использования графоориентированного программного инструментария для реализации алгоритма автоматизированного проектирования КМ с использованием метода реверсивной многомасштабной гомогенизации.}}",		},		@article{SokSchetKozl2019ICMMT,		author = "{Sokolov,~A.P., Schetinin,~V.N., Kozlov,~M.Yu.}",		title = {Surface finite element for imperfect interface modeling in elastic properties homogenization},		journal = {Key Engineering Materials},		volume = {833},		pages = {101--106},		year = {2020},		doi = {10.4028/www.scientific.net/KEM.833.101},		language = "english",		note = "{\myconditionaltext{\doctype}{avtoreferat}{(0.5~п.л./0.2~п.л.)}\pdfcomment{(SC+) Scopus. Соискателю принадлежит идея построения такой модели межкомпонентного взаимодействия, для которой было бы возможными применять объёмную конечно-элементную сетку без её перестроения. Автором представлено проведенное исследование в рамках международной конференции.}}",		},				@article{SokPershBochar2018Inforino,		address = "Moscow",		author = {{Sokolov, A.P., Pershin, A.Yu. and Bocharov, V.A.}},		title = {Integration of Open-Source Software for Automation of Electronic Document Flow in the Structural Unit of an Educational Organization},		journal = {2018 IV International Conference on Information Technologies in Engineering Education (Inforino)},		volume = {},		number = {},		pages = {1--4},		year = {2018},		doi = {10.1109/INFORINO.2018.8581793},		language = "english",		note = "{\myconditionaltext{\doctype}{avtoreferat}{(0.25~п.л./0.2~п.л.)}\pdfcomment{(SC+) Scopus. Соискателю принадлежит идея применения специализированной информационной инфраструктуры в рамках образовательной деятельности на кафедре систем автоматизированного проектирования в МГТУ им. Н.Э. Баумана. Автором организована, настроена и внедрена в образовательный процесс представленная в статье информационная инфраструктура.}}",		},		@article{SokSchetSapKutsMikh2019ICMMT,		author = "{Sokolov,~A.P., Schetinin,~V.N., Sapelkin,~A.S., Kuts,~M.S., Mikhailovskiy,~K.V.}",		title = {Prediction of the effective stress-strain curves of ductile polymer 1D-reinforced composites filled with hollow fibers using parameterized model based on Bezier curves},		journal = {Key Engineering Materials},		volume = {833},		pages = {93--101},		year = {2020},		doi = {10.4028/www.scientific.net/KEM.833.93},		language = "english",		note = "{\myconditionaltext{\doctype}{avtoreferat}{(0.5~п.л./0.1~п.л.)}\pdfcomment{(SC+) Scopus. Соискателю принадлежит идея применения кривых Безье для аппроксимирования эффективных кривых деформирования исследуемых КМ.}}",		},				@article{ZakhSok2019ICOGCT,		author = "{Zakharov, D.O., Sokolov, A.P.}",		title = {Finite element modeling of stress-strain state of the bottom hole assembly},		journal = {International Journal of Mechanical Engineering and Robotics Research (IJMERR, ISSN: 2278-0149)},		volume = {9},		number = {6},		pages = {803--807},		year = {2020},		doi = {10.18178/ijmerr.9.6.803-807},		language = "english",		note = "{\myconditionaltext{\doctype}{avtoreferat}{(0.5~п.л./0.1~п.л.)}\pdfcomment{(SC+) Scopus. Соискателю принадлежит идея применения кривых Безье для аппроксимирования эффективных кривых деформирования исследуемых КМ.}}",		},		@article{VikPershSok2021CSP,		author = "{Sergey~D.~Vikulin, Anton~Yu.~Pershin, Alexander~P.~Sokolov}",		title = {Application of multigrid methods for solving systems of linear algebraic equations of large dimension in the context of model differential equations},		journal = {Journal of Physics: Conference Series (CSP2020, 12-16 October, Moscow, Russia)},		volume = {1740},		pages = {012051},		year = {2021},		doi = {10.1088/1742-6596/1740/1/012051},		language = "english",		note = "{\myconditionaltext{\doctype}{avtoreferat}{(0.25~п.л./0.1~п.л.)}\pdfcomment{(SC+) Scopus. Соискателю принадлежит идея применения алгебраических многосеточных методов для повышения быстродействия метода сопряжённых градиентов при применении для решения разрешающих систем линейных алгебраических уравнений (СЛАУ), формируемых в рамках использования метода конечных элементов (МКЭ) для задачи численной оценки эффективных характеристик проектируемых КМ.}}",		},		@article{SokPersh2018CIST,		author = "{Sokolov,~A.P., Perchin,~A.Yu., Ryndovskaya,~Yu.}",		title = {Graph-based software engineering for development of computational libraries for complex scalable solvers creation},		journal = {Communications in Computer and Information Science},		volume = {X},		number = {X},		pages = {(preparing)},		year = {201X},		language = "english",		},		@article{SokPersh2019PCS,		author = "{A.P.~Sokolov and A.Yu.~Pershin}",		title = {Graph-Based Software Framework for Implementation of Complex Computational Methods},		journal = {Programming and Computer Software},		volume = {45},		number = {5},		pages = {257-–267},		year = {2019},		language = "english",		note = "{\myconditionaltext{\doctype}{avtoreferat}{(1.6~п.л. / 0.8~п.л.)}\pdfcomment{(SC+) Scopus. Соискателю принадлежат научные основы графо-ориентированного подхода и способ создания вычислительных библиотек систем инженерного анализа на основе графо-ориентированного подхода.}}",		},% в прочих изданиях%		URL  = "http://www.mathnet.ru/links/a9f9f1ab0ecd0863cade9b4889f35999/mm3245.pdf",	 	@article{DimitSokol2012,		author  = "{Димитриенко~Ю.И., Соколов~А.П.}",		journal  = "Математическое моделирование",		volume  = "{24}",		number  = "{5}",		pages  = "{3--20}",		title  = "Многомасштабное моделирование упругих композиционных материалов",		year  = "2012",		language="russian",		note = "{\myconditionaltext{\doctype}{avtoreferat}{(1.0~п.л. / 0.5~п.л.)}\pdfcomment{(SC+) Scopus. 05.13.18. Соискателю принадлежат (согласно защите кандидатской диссертации): модифицированный для многомасштабного случая вычислительный метод асимптотического осреднения, программная реализация модулей в автоматизированной системе прогнозирования свойств КМ, позволяющих проводить двухмасштабное моделирование эффективных упругих характеристик КМ; вычислительные эксперименты и результаты сравнительных исследований.}}",	 	},	 	@article{DimSokShpakYurin12Surface,		author  = "{Димитриенко~Ю.И., Соколов~А.П., Шпакова~Ю.В., Юрин~Ю.В.}",		doi  = "10.7463/1112.0496336",		journal  = "Наука и образование: электронное научно-техническое издание",		title  = "Моделирование поверхностей прочности композитов на основе микроструктурного конечно-элементного анализа",		number  = "11",		pages = "{487--496}",		volume  = "{}",		year  = "2012",		language="russian",		note = "{\myconditionaltext{\doctype}{avtoreferat}{(0.4 п.л. / 0.1 п.л.)}\pdfcomment{(+1) 05.13.00. Соискателю принадлежит алгоритм восстановления поверхности прочности на основе многократного решения задач деформирования представительного элемента объёма КМ (ячейки периодичности) при изменении простого пути нагружения. Автору совместно с Шпаковой Ю.В., Юриным Ю.В. принадлежит программная реализация.}}",	 },	 	@article{DimDrogSok2013Optim,		author  = "{Димитриенко~Ю.И., Дроголюб~А.Н., Соколов~А.П., Шпакова~Ю.В.}",		doi  = "10.7463/1113.0621065",		journal  = "{Наука и образование: электронное научно-техническое издание}",		number  = "{11}",		pages = "{415--430}",		title  = "Метод решения задачи оптимизации структуры дисперсно-армированных композитов при ограничениях на тепловые и прочностные свойства",		year  = "2013",		language="russian",		note = "{\myconditionaltext{\doctype}{avtoreferat}{(0.9 п.л. / 0.3 п.л.)}\pdfcomment{(+1) 05.13.00. Соискателю принадлежит алгоритм подбора концентрации наполнителей для дисперсно-армированных КМ с целью улучшения тепловых и прочностных свойств. Автору совместно с Дроголюбом А.Н. принадлежит программная реализация.}}",	 	},			 	@article{DimSokMark2013Electro,		author  = "{Димитриенко~Ю.И., Соколов~А.П., Маркевич~М.Н.}",		journal  = "Наука и образование: электронное научно-техническое издание",		doi = "10.7463/0113.0531682",		number  = "1",		pages = "{49--64}",		volume = {},		title  = "Математическое моделирование диэлектрических свойств полимер-керамических композиционных материалов методом асимптотического осреднения",		year  = "2013",		language="russian",		note = "{\myconditionaltext{\doctype}{avtoreferat}{(0.9 п.л. / 0.3 п.л.)}\pdfcomment{(+1) 05.13.00. Соискателю принадлежит базовая программная реализация метода асимптотического осреднения и метода конечных элементов, на базе которых Маркевич М.Н. был реализован вычислительный метод оценки диэлектрических свойств полимер-керамических КМ.}}",	 	},@inproceedings{SokolMakar2013Tomsk,		author  = "{Соколов~А.П., Макаренков~В.М.}",		booktitle  = "Материалы XIV Всероссийской конференции молодых ученых по математическому моделированию и информационным технологиям",		organization = "Томский филиал Института вычислительных технологий СО РАН",		address  = "Томск, Россия",		pages  = "45--46",		title  = "Разработка реконфигурируемой программной реализации метода конечных элементов",		year  = "2013",		language="russian",		note = "{\myconditionaltext{\doctype}{avtoreferat}{(0.1 п.л. / 0.1 п.л.)}\pdfcomment{Соискателем впервые представлена идея применения графовых моделей для построения реконфигурируемых библиотек функций, реализующих вычислительные методы на примере метода конечных элементов.}}",		},		@inproceedings{SokolMakar2013CodeGen,		author  = "{Соколов~А.П., Макаренков~В.М., Шевцов~А.С.}",		booktitle  = "Материалы XIV Всероссийской конференции молодых ученых по математическому моделированию и информационным технологиям",		organization  = "Томский филиал Института вычислительных технологий СО РАН",		address  = "Томск, Россия",		pages  = "46--47",		title  = "Разработка программы gcdcli_plg_CodeGenerator автоматизации процессов формирования электронных документов",		year  = "2013",		language="russian",		note = "{\myconditionaltext{\doctype}{avtoreferat}{(0.1 п.л. / 0.1 п.л.)}\pdfcomment{Соискателем представлена идея применения программного обеспечения генерации кода на основе шаблонов для автоматизации процессов формирования электронных документов, а также элементов комплексных интегрируемых программных систем (проектов модулей, библиотек и пр.).}}",	 	},		@inproceedings{SokolMarMakarShpak2013,		address  = "Томск, Россия",		organization = "Томский филиал Института вычислительных технологий СО РАН",		author  = "{Соколов~А.П., Мариненко~А.В., Макаренков~В.М., Шпакова~Ю.В.}",		booktitle  = "Материалы XIV Всероссийской конференции молодых ученых по математическому моделированию и информационным технологиям",		pages  = "62--63",		title  = "Разработка реконфигурируемых трехзвенных распределенных клиент-серверных вычислительных систем: от теории к практике",		year  = "2013",		language="russian",		note = "{\myconditionaltext{\doctype}{avtoreferat}{(0.1 п.л. / 0.1 п.л.)}\pdfcomment{Соискателем представлена идея применения графоориентированного подхода для построения распределенных клиент-серверных вычислительных систем.}}",		},
		@misc{certif2013617546,		author  = "{Соколов А.П.}",		copyright  = "{МГТУ~им.~Н.Э.~Баумана (RU), 2013}",		institution  = "МГТУ~им.~Н.Э.~Баумана",		journal  = "РФ. Роспатент. Реестр программ для ЭВМ",		organization  = "МГТУ им. Н.Э. Баумана",		title  = "Библиотека gcd_dll_INIParser поддержки чтения данных в формате aINI",		year  = "2013",		note  = "cвид. 2013617546 от 20.08.2013, заявл. 2013615288 от 27.06.2013\pdfcomment{Соискателю принадлежит идея, архитектура и программная реализация библиотеки.}",	 	},				@misc{patentRU2681408,		author  = "{Соколов А.П., Першин А.Ю.}",		copyright  = "{Соколов А.П., Першин А.Ю. (RU), 2017}",		journal  = "РФ. Реестр изобретений Роспатента",		title  = "Патент на изобретение RU 2681408. Способ и система графо-ориентированного создания масштабируемых и сопровождаемых программных реализаций сложных вычислительных методов",		year  = "2019",		note  = "заявка № RU 2017 122 058 A, приоритет 22.07.2017, опубликовано 22.02.2019 \myconditionaltext{\doctype}{avtoreferat}{(3.4 п.л. / 2.4 п.л.)}\pdfcomment{В результате проведённого патентного поиска был сделан вывод о патентоспособности созданного способа разработки программных реализаций сложных вычислительных методов. Соискателю принадлежат: результаты патентного исследования и обзора литературы; идея и основы способа графоориентированного создания масштабируемых и сопровождаемых программных реализаций сложных вычислительных методов; совместно с Першиным А.Ю. базовые понятия подхода.}",	 	},	 		 			 	@misc{certif2014612782,		author  = "{Соколов А.П., Макаренков В.М.}",		copyright  = "{Соколов А.П., Макаренков В.М. (RU), 2014}",		journal  = "РФ. Роспатент. Реестр программ для ЭВМ",		note  = "свид. 2014612782 от 06.03.2014, заявл. 2013617477  от 07.08.2013",		organization  = "МГТУ им. Н.Э. Баумана",		title  = "Программа gcdcli_plg_CodeGenerator для автоматического формирования документов и программных объектов на основе шаблонов",		year  = "2014",	 	},				@misc{certif2013610775,		author  = "{Димитриенко Ю.И., Соколов А.П., Першин А.Ю.}",		copyright  = "{МГТУ~им.~Н.Э.~Баумана (RU), 2013}",		institution  = "МГТУ~им.~Н.Э.~Баумана",		journal  = "РФ. Роспатент. Реестр программ для ЭВМ",		note  = "свид. 2013610775 от 09.01.2013, заявл. 2012660810 от 11.12.2012",		organization  = "МГТУ~им.~Н.Э.~Баумана",		pages  = "1",		title  = "Программа gcd_plg_GUIBuilder для автоматического построения синхронизированных графических пользовательских интерфейсов ввода-вывода данных",		year  = "2013",	 	},				@misc{certif2020662386,		author  = "{Щетинин В.Н., Соколов А.П.}",		copyright  = "{Щетинин В.Н., Соколов А.П. (RU), 2020}",		journal  = "РФ. Роспатент. Реестр программ для ЭВМ",		note  = "свид. 2020662386 от 13.10.2020, заявл. 2020660872 от 17.09.2020",		organization  = "МГТУ им. Н.Э. Баумана",		title  = "Программа ElasticHomProblem_ImpInterface численного решения задачи осреднения упругих свойств композита сусловиями неидеального интерфейса",		year  = "2020",	 	},	 	@manual{sa2rdbtlkRelDBCrtion,		address  = "М.",		author  = "{Соколов А.П.}",		institution  = "МГТУ им. Н.Э. Баумана",		pages  = "33",		publisher  = "МГТУ им. Н.Э. Баумана",		title  = "Методика проектирования и разработки реляционных моделей данных прикладных информационных систем: учебное пособие.",		year  = "2014",	 	},