	%publisher  = "Самиздат",@book{Pershin2018CompMath,	author  = "{Першин А.Ю.}",	pages  = "140",	address = "{Москва}",	title = "Лекции по курсу <<Вычислительная математика>>",	year  = "2018-2021",	language = "russian",	url = "https://archrk6.bmstu.ru/index.php/f/810046",	annote = "облачный сервис кафедры РК6",},@book{SokolovPershin2021ManLab,	author  = "{Соколов, А.П., Першин, А.Ю.}",	pages  = "9",	address = "{Москва}",	publisher  = "Соколов, А.П., Першин, А.Ю.",	title  = "Инструкция по выполнению лабораторных работ (общая)",	year  = "2018-2021",	language = "russian",	url = "https://arch.rk6.bmstu.ru",	annote = "облачный сервис кафедры РК6",},@book{AmelYokuMelnMiro2021CompMathTaskSolutions,	author  = "{Амелькина А.-М., Йокубаускас Д., Мельникова М., Миронова Е.}",	pages  = "115",	address = "{Москва}",	title = "{Сборник решений задач семинарских занятий по курсу <<Вычислительная математика>>: Учебное пособие. / Под редакцией Соколова А.П. [Электронный ресурс]}",	year  = "2021",	language = "russian",	url = "https://arch.rk6.bmstu.ru",	annote = "облачный сервис кафедры РК6",},@book{Pershin2021CompMathTasks,	author  = "{Першин А.Ю.}",	pages  = "20",	address = "{Москва}",	title = "{Сборник задач семинарских занятий по курсу <<Вычислительная математика>>: Учебное пособие. / Под редакцией Соколова А.П. [Электронный ресурс]}",	year  = "2018-2021",	language = "russian",	url = "https://arch.rk6.bmstu.ru",	annote = "облачный сервис кафедры РК6",},@book{PershinSokolov2021CompMathLabs,	author  = "{Першин~А.Ю., Соколов~А.П.}",	pages  = "54",	address = "{Москва}",	title = "{Сборник постановок задач на лабораторные работы по курсу <<Вычислительная математика>>: Учебное пособие. [Электронный ресурс]}",	year  = "2021",	language = "russian",	url = "https://arch.rk6.bmstu.ru",	annote = "облачный сервис кафедры РК6",},@book{Sokolov2021MathModelingLabs,	author  = "{Соколов А.Ю.}",	pages  = "26",	address = "{Москва}",	title = "{Сборник постановок задач на лабораторные работы по курсу <<Методы математического моделирования сложных процессов и систем>>: Учебное пособие. [Электронный ресурс]}",	year  = "2021",	language = "russian",	url = "https://arch.rk6.bmstu.ru",	annote = "облачный сервис кафедры РК6",},@book{Sokolov2021PMSoftwareLabs,	author  = "{Соколов А.П.}",	pages  = "25",	address = "{Москва}",	title = "{Сборник постановок задач на лабораторные работы по курсу <<Управление проектированием информационных систем>>: Учебное пособие. [Электронный ресурс]}",	year  = "2021",	language = "russian",	url = "https://arch.rk6.bmstu.ru",	annote = "облачный сервис кафедры РК6",},@book{Sokolov2015CASETools,	author  = "{Соколов А.П.}",	pages  = "48",	address = "{Москва}",	title = "{Практика использования CASE-инструментов для ведения разработки прикладного программного обеспечения. Методика создания расширений программных систем: Учебное пособие. [Электронный ресурс]}",	year  = "2015",	language = "russian",	url = "https://archrk6.bmstu.ru/index.php/f/850762",	annote = "облачный сервис кафедры РК6",},@misc{MMPS_LAB3_CBJ0460,		author  = "{Соколов А.П.}",		month  = "10",		organization  = "МГТУ им. Н.Э. Баумана",		title  = "Методы математического моделирования сложных процессов и систем. Разработка расширяемых программных систем. Принципы разработки автоматически подключаемых модулей расширения (<<плагинов>>, англ. plug-in): презентация лабораторной работы [Электронный ресурс]",		URL  = "https://archrk6.bmstu.ru/index.php/f/2784",	annote = "облачный сервис кафедры РК6",		year  = "2016",		language = "russian",	 	},			 	@misc{Sok2020PMSoftwareLec4,		address  = "Москва",		author  = "{Соколов А.П.}",		month  = "10",		pages  = "30",	organization  = "МГТУ им. Н.Э. Баумана",		title  = "Управление проектированием информационных систем. Принципы управление коллективной разработкойинженерного и наукоёмкого ПО в рамках НИР и ОКР: презентация лекции [Электронный ресурс]",		URL  = "https://archrk6.bmstu.ru/index.php/f/99613",		year  = "2020",		language = "russian",	 	},	 		 			 	@lab{MMPS_LAB4_CBJ0454,		author  = "{Соколов А.П.}",		month  = "11",		organization  = "МГТУ им. Н.Э. Баумана",		title  = "Методы математического моделирования сложных процессов и систем / Лабораторная работа 4. Программирование численных методов решения систем ОДУ. Разработка программных реализаций методов Эйлера, Рунге-Кутта",		URL  = "http://sa2systems.ru/svn/public/sa2pdf/edumms_evn_MMPS_LAB4.pdf",		year  = "2016",	 	},	 		 			 	@lecture{MMPS_LEC1_CBJ0443,		address  = "Москва",		author  = "{Соколов А.П.}",		organization  = "МГТУ им. Н.Э. Баумана",		title  = "Методы математического моделирования сложных процессов и систем / Лекция 1: Введение в предмет. Базовые понятия аппарата математического моделирования",		URL  = "http://sa2systems.ru/svn/public/sa2pdf/edumms_evn_MMPS_LEC1.pdf",		year  = "2016",	 	},	 		 			 	@lecture{MMPS_LEC2_CBJ0447,		address  = "Москва",		author  = "{Соколов А.П.}",		month  = "9",		organization  = "МГТУ им. Н.Э. Баумана",		title  = "Методы математического моделирования сложных процессов и систем / Лекция 2: Численное решение задачи поиска эффективных упругих характеристик композиционных материалов методом гомогенизации",		URL  = "http://sa2systems.ru/svn/public/sa2pdf/edumms_evn_MMPS_LEC2.pdf",		year  = "2016",	 	},	 		 			 	@lecture{MMPS_LEC3_CBJ0448,		address  = "Москва",		author  = "{Соколов А.П.}",		month  = "10",		organization  = "МГТУ им. Н.Э. Баумана",		title  = "Методы математического моделирования сложных процессов и систем / Лекция 3: Методы построения математических моделей (обзорная)",		URL  = "http://sa2systems.ru/svn/public/sa2pdf/edumms_evn_MMPS_LEC3.pdf",		year  = "2016",	 	},	 		 			 	@lecture{MMPS_LEC4_CBJ0453,		author  = "{Соколов А.П.}",		month  = "10",		organization  = "МГТУ им. Н.Э. Баумана",		title  = "Методы математического моделирования сложных процессов и систем / Лекция 4: Основы LaTeX. Применение языка LaTeX как инструмента автоматизации процессов разработки научно-технических документов",		URL  = "http://sa2systems.ru/svn/public/sa2pdf/edumms_evn_MMPS_LEC4.pdf",		year  = "2016",	 	},	 		 			 	@lab{MMPS_LR1_CBJ0439,		address  = "Москва",		author  = "{Соколов А.П.}",		month  = "9",		organization  = "МГТУ им. Н.Э. Баумана",		title  = "Методы математического моделирования сложных процессов и систем / Лабораторная работа 1: Применение библиотек динамической компоновки для разработки программных реализаций вычислительных методик",		URL  = "http://sa2systems.ru/svn/public/sa2pdf/edumms_evn_MMPS_LAB1.pdf",		year  = "2016",	 	},	 		 			 	@lab{MMPS_LR2_CBJ0452,		author  = "{Соколов А.П.}",		month  = "10",		organization  = "МГТУ им. Н.Э. Баумана",		title  = "Методы математического моделирования сложных процессов и систем / Лабораторная работа 2: Пример построения вычислительной схемы, алгоритма и программной реализации на основе существующей математической модели сложного физического процесса или технической системы. Тема: Построить вычислительные методики и разработать их программные реализации интерполирования реальных расходных характеристик энергоблоков ТЭЦ.",		URL  = "http://sa2systems.ru/svn/public/sa2pdf/edumms_evn_MMPS_LAB2.pdf",		year  = "2016",	 	},	 	@lab{DEVCAE_LAB1_CBJ0467,		author  = "{Соколов А.П.}",		month  = "11",		organization  = "МГТУ им. Н.Э. Баумана",		title  = "Программные технологии разработки систем инженерного анализа / Лабораторная работа 1. Разработка архитектуры и элементов программной системы автоматизированного проектирования многослойных металлических материалов",		URL  = "http://sa2systems.ru/svn/public/sa2pdf/educae_evn_DEVCAE_LAB1.pdf",		year  = "2016",	 	},	 		 			 	@lecture{DEVCAE_LEC1_CBJ0444,		address  = "Москва",		author  = "{Соколов А.П.}",		month  = "9",		organization  = "МГТУ им. Н.Э. Баумана",		title  = "Программные технологии разработки систем инженерного анализа / Лекция 1. Введение в разработку программных комплексов. Основные ТРПО",		URL  = "http://sa2systems.ru/svn/public/sa2pdf/educae_evn_DEVCAE_LEC1.pdf",		year  = "2016",	 	},	 		 			 	@lecture{DEVCAE_LEC2_CBJ0445,		address  = "Москва",		author  = "{Соколов А.П.}",		month  = "9",		organization  = "МГТУ им. Н.Э. Баумана",		title  = "Программные технологии разработки систем инженерного анализа / Лекция 2. Управление процессом разработки ПО. Оценка затрат при разработке ПО.",		URL  = "http://sa2systems.ru/svn/public/sa2pdf/educae_evn_DEVCAE_LEC2.pdf",		year  = "2016",	 	},	 		 			 	@lecture{DEVCAE_LEC3_CBJ0451,		address  = "Москва",		annote  = "Методы анализа требований: Структурный анализ и метод Джексона. Диаграммы потоков данных. CASE инструменты. Методы анализа, ориентированные на структуры данных: метод Варнье-Орра и метод Джексона. Особенности процесса синтеза программных систем. Структурирование систем. Модульность. Понятие связности модуля. Методы проектирования ПО: структурный метод и метод Джексона.",		author  = "{Соколов А.П.}",		month  = "10",		organization  = "МГТУ им. Н.Э. Баумана",		title  = "Программные технологии разработки систем инженерного анализа / Лекция 3. Классические методы проектирования ПО. Методы анализа требований. DFD диаграммы",		URL  = "http://sa2systems.ru/svn/public/sa2pdf/educae_evn_DEVCAE_LEC3.pdf",		year  = "2016",	 	},	 		 			 	@lecture{DEVCAE_LEC4_CBJ455,		author  = "{Соколов А.П.}",		month  = "10",		organization  = "МГТУ им. Н.Э. Баумана",		title  = "Программные технологии разработки систем инженерного анализа / Лекция 4. Организация процесса тестирования программного обеспечения. Структурное, функциональное и объектно-ориентированное тестирование ПО",		URL  = "http://sa2systems.ru/svn/public/sa2pdf/educae_evn_DEVCAE_LEC4.pdf",		year  = "2016",	 	},	 		 			 	@lecture{DEVCAE_LEC5_CBJ462,		author  = "{Соколов А.П.}",		month  = "11",		organization  = "МГТУ им. Н.Э. Баумана",		title  = "Программные технологии разработки систем инженерного анализа. / Лекция 5. Основы языка моделирования UML.",		URL  = "http://sa2systems.ru/svn/public/sa2pdf/educae_evn_DEVCAE_LEC5.pdf",		year  = "2016",	 	},	 		 			 	@lecture{DEVCAE_LEC6_CBJ458,		author  = "{Соколов А.П.}",		month  = "10",		organization  = "МГТУ им. Н.Э. Баумана",		title  = "Программные технологии разработки систем инженерного анализа. / Лекция 6. Концепции кросс-платформенной разработки на С++.",		URL  = "http://sa2systems.ru/svn/public/sa2pdf/educae_evn_DEVCAE_LEC6.pdf",		year  = "2016",	 	},	 		 			 	@misc{DEVCAE-LEC7-CBJ457,		author  = "{Соколов А.П.}",		month  = "11",		organization  = "МГТУ им. Н.Э. Баумана",		title  = "Программные технологии разработки систем инженерного анализа / Лекция 7. Методика графоориентированной разработки ПО. Технология GBSE",		URL  = "https://archrk6.bmstu.ru/index.php/f/2821",		annote = "облачный сервис кафедры РК6",		year  = "2016",		language = "russian",	 	},	 		 			 	@lecture{DEVCAE_LEC8_CBJ456,		author  = "{Соколов А.П.}",		month  = "11",		organization  = "МГТУ им. Н.Э. Баумана",		title  = "Программные технологии разработки систем инженерного анализа / Лекция 8. Методика применения специализированного программного инструментария для разработки программных реализаций сложных вычислительных методов",		URL  = "http://sa2systems.ru/svn/public/sa2pdf/educae_evn_DEVCAE_LEC8.pdf",		year  = "2016",	 	},