@conference{AltintasKepler2004,
  author  = {Altintas I. and Berkley C. and Jaeger E. and Jones M. and Ludäscher B. and Mock S.},
  journal = {Proceedings of the International Conference on Scientific and Statistical Database Management, SSDBM},
  pages   = {423 – 424},
  title   = {Kepler: An extensible system for design and execution of scientific workflows},
  url     = {https://www.scopus.com/inward/record.uri?eid=2-s2.0-5444235762&partnerID=40&md5=93d4137a0be09a8337da8743305edbaa},
  volume  = {16},
  year    = {2004}
}

@article{CharMaple1983,
  author  = {Char, Bruce W. and Geddes, Keith O. and Gentleman, W. Morven and Gonnet, Gaston H.},
  doi     = {10.1007/3-540-12868-9_95},
  journal = {Lecture Notes in Computer Science (including subseries Lecture Notes in Artificial Intelligence and Lecture Notes in Bioinformatics)},
  pages   = {101 – 115},
  title   = {The design of Maple: A compact, portable, and powerful computer algebra system},
  volume  = {162 LNCS},
  year    = {1983}
}

@article{DanilovPar2011,
  author  = {{Данилов А.М., Лапшин Э.В., Беликов Г.Г., Лебедев В.Б.}},
  journal = {Известия вузов. Поволжский регион. Технические науки.},
  number  = {4},
  pages   = {26-34},
  title   = {Методологические принципы организации многопотоковой обработки данных с распараллеливанием вычислительных процессов},
  year    = {2001}
}

@article{DeelmanPegasus2016,
  author  = {Deelman E. and Vahi K. and Rynge M. and Juve G. and Mayani R. and Da Silva R.F.},
  doi     = {10.1109/MIC.2016.15},
  journal = {IEEE Internet Computing},
  number  = {1},
  pages   = {70 – 76},
  title   = {Pegasus in the cloud: Science automation through workflow technologies},
  volume  = {20},
  year    = {2016}
}

@article{DeelmanWorkflow2009,
  author            = {Deelman E. and Gannon D. and Shields M. and Taylor I.},
  doi               = {10.1016/j.future.2008.06.012},
  journal           = {Future Generation Computer Systems},
  language          = {english},
  number            = {5},
  pages             = {528 – 540},
  publication_stage = {Final},
  title             = {Workflows and e-Science: An overview of workflow system features and capabilities},
  volume            = {25},
  year              = {2009}
}

@article{DiRuscio2022,
  author  = {Di Ruscio, Davide and Kolovos, Dimitris and de Lara, Juan and Pierantonio, Alfonso and Tisi, Massimo and Wimmer, Manuel},
  doi     = {10.1007/s10270-021-00970-2},
  journal = {Software and Systems Modeling},
  number  = {2},
  pages   = {437 – 446},
  title   = {Low-code development and model-driven engineering: Two sides of the same coin?},
  volume  = {21},
  year    = {2022}
}

@article{NazarenkoDFM2015,
  author  = {Alexey M. Nazarenko, Alexander A. Prokhorov},
  doi     = {10.1016/j.procs.2015.11.056},
  journal = {Procedia Computer Science},
  number  = {},
  title   = {Hierarchical Dataflow Model with Automated File Management for Engineering and Scientific Applications},
  url     = {https://www.sciencedirect.com/science/article/pii/S1877050915034055?pes=vor},
  volume  = {66},
  year    = {2015}
}

@article{PiessensAbacus1989,
  author  = {Piessens, R. and Lewi, J. and Steegmans, E. and Grootaers, T. and Engelen, G.},
  doi     = {10.1080/0020739890200201},
  journal = {International Journal of Mathematical Education in Science and Technology},
  number  = {2},
  pages   = {197 – 224},
  title   = {Abacus: A powerful tool in a mathematical sciences laboratory},
  volume  = {20},
  year    = {1989}
}
@misc{pSevenDocsConditons2022,
  note  = {(дата обращения 07.03.2022)},
  title = {Condition - pSeven 6.31.1 User Manual [Электронный ресурс] [Офиц. сайт]},
  url   = {https://www.datadvance.net/product/pseven/manual/6.31.1/blocks/Condition.html},
  year  = {2022}
}
@misc{pSevenDocsParallel2021,
  language = {russian},
  note     = {(дата обращения 15.11.2021)},
  title    = {Параллельные вычисления - Руководство пользователя pSeven 6.27 [Электронный ресурс] [Офиц. сайт]},
  url      = {https://www.datadvance.net/product/pseven/manual/ru/6.27/tutorials/parallel.html\#ptutorialparallelization},
  year     = {2021}
}

@misc{pSevenDocsWorkflow2021,
  language = {russian},
  note     = {{Дата обращения: 15.11.2021}},
  title    = {Расчётные схемы - Руководство пользователя pSeven 6.27 [Электронный ресурс] [Офиц. сайт]},
  url      = {https://www.datadvance.net/product/pseven/manual/ru/6.27/workflow.html\#workflow-links},
  year     = {2021}
}

@misc{SokAINI,
  author = {{Соколов А.П.}},
  title  = {Описание формата данных aINI (advanced INI) [Электронный ресурс]. Облачный сервис SA2 Systems. [Офиц. сайт]},
  url    = {https://sa2systems.ru/nextcloud/index.php/f/403527},
  year   = {2020}
}

@misc{SokolovADOT2020,
  author = {Соколов А.П., Першин А.Ю},
  title  = {Описание формата данных aDOT (advanced DOT)},
  year   = {2020}
}

@article{SokolovPershin2017,
  author  = {Соколов А.П, Першин А.Ю.},
  journal = {Программная инженерия},
  number  = {12},
  pages   = {543-555},
  title   = {Программный инструментарий для создания подсистем ввода данных при разработке систем инженерного анализа},
  volume  = {8},
  year    = {2017}
}

@article{SokolovPershin2018,
  author  = {Соколов А.П., Першин А.Ю.},
  journal = {Программирование},
  number  = {Х},
  title   = {Графоориентированный программный каркас для реализации сложных вычислительных методов},
  year    = {2018}
}