	%publisher  = "Самиздат",@book{Pershin2018CompMath,	author  = "{Першин А.Ю.}",	pages  = "140",	address = "{Москва}",	title = "Лекции по курсу <<Вычислительная математика>>",	year  = "2018-2021",	language = "russian",	url = "https://archrk6.bmstu.ru/index.php/f/810046"},@misc {FloatingPointData2021,author = "{Chris Maiwald (BSD License)}",title  = "{16 bit floating-point data type for C++ [Электронный ресурс] [Офиц. сайт]}",year = {2021},url = {https://github.com/acgessler/half\_float},note = {(дата обращения 21.04.2021)},language = "russian",},