@misc {FloatingPointData2021,author = "{Chris Maiwald (BSD License)}",title  = "{16 bit floating-point data type for C++ [Электронный ресурс] [Офиц. сайт]}",year = {2021},url = {https://github.com/acgessler/half\_float},note = {(дата обращения 21.04.2021)},language = "russian",},@inbook{Eichinger2008,	author = "{Frank Eichinger, Klemens Bohm, and Matthias Huber}",	title = {Mining Edge-Weighted Call Graphs to Localise Software Bugs},	booktitle = {Lecture Notes in Computer Science},	pages = {333-348},	year = {2008},	language = "english",	doi = {10.1007/978-3-540-87479-9_40},},@article{Pop2014,	author = "{A. Pop, M. Sjolund, A. Asghar, P. Fritzson, F. Casella}",	title = {Integrated Debugging of Modelica Models},	journal = {Modeling, Identification and Control},	volume = {35},	number = {2},	pages = {93–107},	year = {2014},	language = "english",	doi = {10.4173/mic.2014.2.3},},@article{KatalOpt2020,  author          = {Katal N., Narayan S.},  journal         = {International Journal of Advanced Intelligence Paradigms},  number          = {2},  title           = {Optimal design of QFT controller for pneumatic servo actuator system using multi-objective genetic algorithm},  volume          = {15},  pages           = {183-206},  year            = {2020}}