	%BibTeX
@conference{AltintasKepler2004,
  author  = {Altintas I. and Berkley C. and Jaeger E. and Jones M. and Ludäscher B. and Mock S.},
  title   = {Kepler: An extensible system for design and execution of scientific workflows},
  year    = {2004},
  journal = {Proceedings of the International Conference on Scientific and Statistical Database Management, SSDBM},
  volume  = {16},
  pages   = {423 – 424},
  url     = {https://www.scopus.com/inward/record.uri?eid=2-s2.0-5444235762&partnerID=40&md5=93d4137a0be09a8337da8743305edbaa}
}

@article{DeelmanWorkflow2009,
  author            = {Deelman E. and Gannon D. and Shields M. and Taylor I.},
  title             = {Workflows and e-Science: An overview of workflow system features and capabilities},
  year              = {2009},
  journal           = {Future Generation Computer Systems},
  volume            = {25},
  number            = {5},
  pages             = {528 – 540},
  doi               = {10.1016/j.future.2008.06.012},
  language          = {english},
  publication_stage = {Final}
}

@article{DanilovPar2011,
  author  = {{Данилов А.М., Лапшин Э.В., Беликов Г.Г., Лебедев В.Б.}},
  journal = {Известия вузов. Поволжский регион. Технические науки.},
  number  = {4},
  pages   = {26-34},
  title   = {Методологические принципы организации многопотоковой обработки данных с распараллеливанием вычислительных процессов},
  year    = {2001}
}

@article{NazarenkoDFM2015,
  author  = {Alexey M. Nazarenko, Alexander A. Prokhorov},
  doi     = {10.1016/j.procs.2015.11.056},
  journal = {Procedia Computer Science},
  number  = {},
  title   = {Hierarchical Dataflow Model with Automated File Management for Engineering and Scientific Applications},
  url     = {https://www.sciencedirect.com/science/article/pii/S1877050915034055?pes=vor},
  volume  = {66},
  year    = {2015}
}

@article{DeelmanPegasus2016,
  author  = {Deelman E. and Vahi K. and Rynge M. and Juve G. and Mayani R. and Da Silva R.F.},
  title   = {Pegasus in the cloud: Science automation through workflow technologies},
  year    = {2016},
  journal = {IEEE Internet Computing},
  volume  = {20},
  number  = {1},
  pages   = {70 – 76},
  doi     = {10.1109/MIC.2016.15}
}

@article{SokolovPershin2018,
  author  = {Соколов А.П., Першин А.Ю.},
  journal = {Программирование},
  number  = {Х},
  title   = {Графоориентированный программный каркас для реализации сложных вычислительных методов},
  year    = {2018}
}

@article{SokolovCADCMConcept2020,
  author  = {Соколов А.П., Першин А.Ю.},
  journal = {Известия СПбГЭТУ «ЛЭТИ»},
  number  = {8-9},
  title   = {Система автоматизированного проектирования композиционных материалов. Часть 1. Концепции, aрхитектура и платформа разработки},
  year    = {2020}
}

@article{Zhuo2021,
  author  = {Zhuo Y. and Chen J. and Rao G. and Luo Q. and Wang Y. and Yang H. and Qian D. and Qian X.},
  title   = {Distributed Graph Processing System and Processing-in-memory Architecture with Precise Loop-carried Dependency Guarantee},
  year    = {2021},
  journal = {ACM Transactions on Computer Systems},
  volume  = {37},
  number  = {1-4},
  doi     = {10.1145/3453681},
  url     = {https://www.scopus.com/inward/record.uri?eid=2-s2.0-85109105071&doi=10.1145%2f3453681&partnerID=40&md5=14462eefda365cde50c2939ebdc7d467}
}

@misc{WikiAlgebra2022,
  title    = {List of computer algebra systems [Электронный ресурс]},
  type     = {веб-страница},
  url      = {https://en.wikipedia.org/wiki/List_of_computer_algebra_systems},
  note     = {Дата обращения: 27.03.2022},
  language = {english},
  year     = {2022}
}