	%BibTeX@book{Pershin2018CompMath,	author  = "{Першин А.Ю.}",	pages  = "140",	address = "{Москва}",	title = "Лекции по курсу <<Вычислительная математика>>",	year  = "2018-2021",	language = "russian",	url = "https://archrk6.bmstu.ru/index.php/f/810046"},@misc {FloatingPointData2021,author = "{Chris Maiwald (BSD License)}",title  = "{16 bit floating-point data type for C++ [Электронный ресурс] [Офиц. сайт]}",year = {2021},url = {https://github.com/acgessler/half\_float},note = {(дата обращения 21.04.2021)},language = "russian",},@misc {FirstComputers,	author = "{Timothy Williamson}",	title = "History of computers: A brief timeline",	year = {2021},	url = {https://www.livescience.com/20718-computer-history.html},	language = "english",}@misc {ParallelComputing,	author = "{В.П. Гергель}",	title = "Теория и практика параллельных вычислений",	year = {2007},	language = "russian",	url = "https://glavkniga.su/filecont/50018.pdf",}@misc {DistibutedComputing,	author = "{Andrew S. Tanenbaum, Maarten van Steen}",	title = "Distributed Systems: Principles and Paradigms",	year = {2003},	ISBN = "153028175X"}@misc {CSEComputationalSteering,	author = "{Robert van Liere}",	title = "CSE. A Modular Architecture for Computational Steering",	year = {2015},	url = "https://www.researchgate.net/publication/2637959_CSE_A_Modular_Architecture_for_Computational_Steering",}@misc {LabViewUsage,	author = "А.В. Коргин, М.В. Емельянов, В.А. Ермаков",	title = "Применение LabView для решения задач сбора и обработки данных измерений при разработке систем мониторинга несущих конструкций",	year = {2013},	url = "https://cyberleninka.ru/article/n/primenenie-labview-dlya-resheniya-zadach-sbora-i-obrabotki-dannyh-izmereniy-pri-razrabotke-sistem-monitoringa-nesuschih-konstruktsiy",}@misc {FEniCSFramework,	author = "Mortensen Mikael, Langtangen Hans Petter,Wells Garth N",	title = "A FEniCS-Based Programming Framework for Modeling Turbulent Flow by the Reynolds-Averaged Navier-Stokes Equations",	year = {2011},	doi = {10.1016/j.advwatres.2011.02.013},}@misc {SokPersh2018GBSE,	author = "{Соколов А.П., Першин А.Ю.}",	title = {Графоориентированный программный каркас для реализации сложных вычислительных методов},	journal = {Программирование},	volume = {47},	number = {5},	pages = {43--55},	year = {2019},	language="russian",}@misc{patentRU2681408,	author  = "{Соколов А.П., Першин А.Ю.}",	copyright  = "{Соколов А.П., Першин А.Ю. (RU), 2017}",	journal  = "РФ. Реестр изобретений Роспатента",	title  = "Патент на изобретение RU 2681408. Способ и система графо-ориентированного создания масштабируемых и сопровождаемых программных реализаций сложных вычислительных методов",	year  = "2019",	note  = "заявка № RU 2017 122 058 A, приоритет 22.07.2017, опубликовано 22.02.2019 \myconditionaltext{\doctype}{avtoreferat}{(3.4 п.л. / 2.4 п.л.)}\pdfcomment{В результате проведённого патентного поиска был сделан вывод о патентоспособности созданного способа разработки программных реализаций сложных вычислительных методов. Соискателю принадлежат: результаты патентного исследования и обзора литературы; идея и основы способа графоориентированного создания масштабируемых и сопровождаемых программных реализаций сложных вычислительных методов; совместно с Першиным А.Ю. базовые понятия подхода.}",}@misc {SokADOT,	author  = {{Соколов А.П.}},	title  = {Описание формата данных aDOT (advanced DOT) [Электронный ресурс]. Облачный сервис SA2 Systems. [Офиц. сайт]},	year = {2020},	url = {https://sa2systems.ru/nextcloud/index.php/f/403526},}@article {MIRJALILI201446,title = {Grey Wolf Optimizer},journal = {Advances in Engineering Software},volume = {69},pages = {46-61},year = {2014},issn = {0965-9978},doi = {https://doi.org/10.1016/j.advengsoft.2013.12.007},url = {https://www.sciencedirect.com/science/article/pii/S0965997813001853},author = {Seyedali Mirjalili and Seyed Mohammad Mirjalili and Andrew Lewis},keywords = {Optimization, Optimization techniques, Heuristic algorithm, Metaheuristics, Constrained optimization, GWO},abstract = {This work proposes a new meta-heuristic called Grey Wolf Optimizer (GWO) inspired by grey wolves (Canis lupus). The GWO algorithm mimics the leadership hierarchy and hunting mechanism of grey wolves in nature. Four types of grey wolves such as alpha, beta, delta, and omega are employed for simulating the leadership hierarchy. In addition, the three main steps of hunting, searching for prey, encircling prey, and attacking prey, are implemented. The algorithm is then benchmarked on 29 well-known test functions, and the results are verified by a comparative study with Particle Swarm Optimization (PSO), Gravitational Search Algorithm (GSA), Differential Evolution (DE), Evolutionary Programming (EP), and Evolution Strategy (ES). The results show that the GWO algorithm is able to provide very competitive results compared to these well-known meta-heuristics. The paper also considers solving three classical engineering design problems (tension/compression spring, welded beam, and pressure vessel designs) and presents a real application of the proposed method in the field of optical engineering. The results of the classical engineering design problems and real application prove that the proposed algorithm is applicable to challenging problems with unknown search spaces.}}@ARTICLE{985692,  author={Clerc, M. and Kennedy, J.},  journal={IEEE Transactions on Evolutionary Computation},   title={The particle swarm - explosion, stability, and convergence in a multidimensional complex space},   year={2002},  volume={6},  number={1},  pages={58-73},  doi={10.1109/4235.985692}}